2000 3042
183 191 239 257 att
415 147 745 238 nutuuuuivs'
831 153 966 247 ’,χι-2)

184 289 298 348 valent?
317 285 448 343 valuistin'
457 285 470 338 ’ἰ
489 300 531 339 ca.
540 286 621 350 valeo,
637 298 663 336 et
672 283 745 338 valui
754 279 860 336 rectius.

47 366 58 374 “
108 427 110 430 ¹
184 377 233 417 sss.
244 357 316 430 Quid
328 360 382 428 agit
392 369 436 408 tua
446 353 531 409 uxos?
552 366 581 404 ut
591 351 678 406 valet?
699 368 741 410 ou.
753 354 903 420 plusquam
914 367 965 418 ego

518 425 588 475 tolo·
920 470 932 487 x

185 514 234 552 ns.
244 498 313 548 Bene
323 495 411 546 hercle
422 503 468 558 est,
479 492 555 558 iliam
563 491 610 542 tibi
620 490 687 544 bene
699 493 786 541 valere
797 501 823 539 et
833 489 940 540 vivere.

160 607 164 611 .
186 579 228 618 ca.
239 563 324 616 Credo
335 563 423 614 hercle
433 573 457 611 te
468 559 590 627 gaudere,
601 560 624 608 si
635 557 698 625 quid
707 557 775 608 mihi
785 558 851 608 mali
868 570 922 608 est.

185 651 235 686 atu.
246 634 373 688 Omnibus
389 631 477 683 amieis
487 627 559 695 quod
568 627 633 678 mihi
644 639 691 690 est,
702 624 779 693 cupio
791 642 850 674 esse
864 624 948 677 idem.

124 735 134 744 κν
176 715 229 754 nt.
239 701 307 762 Eho,
318 714 361 750 tua
373 717 437 749 uxor
448 697 512 764 quid
522 694 591 764 agit?
602 711 650 746 uu.
661 695 815 770 immortalis
825 704 878 757 est.

185 770 266 830 Vivit,
278 771 428 834 victuraque
439 777 484 816 est.
506 779 547 815 ca.
565 763 631 814 bene
641 763 726 812 hercle
737 777 856 822 nuncies,
870 788 877 792 -

185 837 307 902 Deosque
318 853 371 898 oro,
383 847 412 884 ut
422 835 488 884 vitae
499 843 557 883 tuae
569 844 696 899 superstes
706 840 840 897 suppetat.

114 961 118 970 ,
185 921 233 956 ms.
243 905 317 954 Dum
327 901 435 970 quidem
443 902 530 952 hercle
541 912 627 951 tecum
637 909 718 966 nupta
727 901 767 961 sit,
777 914 841 948 saue
854 897 947 949 velim.
997 944 999 955 s

187 985 231 1023 cta
239 973 301 1026 Viu’
310 969 522 1023 commutemus?
532 982 604 1020 tuam
613 983 661 1036 ego
671 967 775 1028 ducam,
783 977 850 1018 ettu
857 961 962 1017 meam?

186 1040 257 1091 Faxo
267 1039 338 1091 haud
349 1040 484 1092 tantillum
493 1037 595 1088 dederis
609 1036 750 1086 verborum
759 1033 840 1084 mihi.

185 1105 357 1175 unctamque
365 1109 435 1160 enim
441 1104 632 1170 tu,credo,mihi
638 1103 798 1170 imprudenti
803 1101 960 1168 obrepserit·

186 1188 228 1228 ct.
238 1175 294 1229 Nae
305 1189 333 1227 tu
344 1177 430 1226 hercle
440 1177 496 1226 faxo
508 1172 579 1225 haud
587 1174 651 1222 scies
662 1188 741 1238 quam
750 1187 809 1221 rem
819 1171 920 1235 egeris.

186 1260 235 1296 sats.
246 1243 355 1308 Habeas,
367 1255 396 1294 ut
406 1255 508 1294 nactus:
518 1255 578 1293 uota
587 1241 657 1292 mala
666 1257 717 1301 res,
728 1241 881 1306 optuma'st.

185 1311 256 1362 Nam
267 1329 316 1378 ego
326 1329 396 1362 nuuc
407 1315 428 1361 si
434 1315 551 1376 ignotam
558 1311 666 1376 capiam,
674 1305 736 1373 quid
742 1323 825 1372 agam,
833 1307 959 1358 nesciam„

83 1409 91 1416 -
186 1377 297 1444 Edepol,
308 1377 416 1443 proinde
427 1391 455 1427 ut
465 1379 530 1426 bene
540 1379 646 1436 vivitur,
658 1377 704 1426 diu
716 1377 819 1437 vivitur,

77 1491 80 1498 ,
127 1491 133 1508 ,
185 1442 240 1496 sed
251 1443 300 1493 hoc
310 1446 427 1494 minuam
436 1443 543 1494 advorte
554 1455 631 1508 atque
641 1445 715 1495 aufer
728 1441 894 1495 ridicularia:

185 1509 789 1579 Namegodeditaopetahucadteadveniunt.
797 1507 961 1576 quida-eois?

185 1592 235 1634 nu.
245 1579 324 1630 Malis
335 1591 360 1629 te
371 1591 400 1630 ut
411 1579 495 1633 uerbis
510 1579 602 1630 multis
614 1583 731 1632 multum
741 1579 911 1644 obiurgitem.

185 1661 228 1712 ca.
248 1645 338 1698 Men’?
357 1663 406 1698 uta.
416 1663 482 1716 num
492 1649 551 1716 quis
561 1647 652 1766 ‘uhic
666 1649 732 1701 alius
746 1659 850 1716 praeter
864 1665 910 1698 me
926 1660 959 1698 at·

541 1728 611 1766 nete
650 1762 661 1774 ,
880 1722 886 1731 ’

187 1791 228 1832 ct.
239 1778 325 1832 Nemo
336 1793 386 1834 'esu
396 1797 445 1836 xe.
451 1783 516 1850 quid
522 1734 603 1851 igitur
609 1787 712 1853 rogim,
718 1795 778 1834 tene
783 1777 959 1852 stinagium?

179 1847 246 1900 “Nisi
257 1861 310 1901 tute
315 1850 387 1903 mihi
396 1869 440 1904 me
452 1868 540 1902 censes
550 1850 684 1904 dicturum
692 1853 772 1903 male.

104 1923 110 1927 '
168 1949 170 1953 ·
187 1917 257 1972 Nam
263 1919 288 1971 si
299 1919 327 1970 in
338 1930 362 1970 te
371 1930 506 1986 aegrotant
520 1931 587 1970 artes
597 1923 717 1988 antiquae
726 1933 796 1986 tuae,

186 1986 249 2038 Siue
256 1989 398 2037 'immutare
409 1989 447 2038 vis
458 1989 597 2054 ingenium
610 1989 738 2054 moribus,

122 2099 127 2103 .
187 2051 244 2104 Aut
254 2054 276 2102 si
287 2051 424 2105 demutant
434 2071 520 2104 mores
531 2057 669 2128 ingenium
681 2069 766 2120 uuum,

184 2120 279 2186 Neque
290 2135 333 2170 eos
344 2123 463 2188 antiquos
473 2140 567 2188 servas,
578 2136 710 2193 ast-captas
721 2127 813 2176 novos.⁸

186 2187 318 2238 Omnibus
329 2189 418 2238 amicis
428 2190 554 2242 morbum
563 2204 591 2242 tu
601 2194 710 2244 incuties
722 2185 838 2262 gravem,
867 2197 879 2202 “

106 2276 110 2279 ·
185 2255 223 2307 Vt
231 2255 256 2304 te
266 2254 356 2306 videre
366 2257 510 2324 audireque
525 2263 625 2327 aegsoti
635 2262 712 2322 sient,

185 2334 229 2373 cu.
238 2323 291 2455 (gui
303 2324 332 2373 in
342 2337 458 2376 mentem
468 2329 540 2382 venit
549 2329 595 2379 tibi
605 2331 684 2380 istaec
694 2329 762 2380 dicta
776 2327 882 2380 dicere?

183 2401 233 2441 ns.
273 2391 313 2440 uia
324 2407 415 2442 omnes
425 2393 508 2444 honos
518 2396 780 2463 bonasqueaccurare
789 2394 908 2460 addecet,

80 2509 92 2522 ‚
110 2461 116 2466 '
185 2455 371 2524 Suspicionem
381 2473 407 2511 et
417 2463 523 2528 culpam
530 2472 562 2512 'ut
570 2464 603 2514 ab
612 2482 641 2515 se
651 2477 801 2534 segregent.

149 2557 151 2562 ·
184 2535 230 2579 fld-
245 2524 310 2580 Non
320 2538 406 2596 potest
413 2541 555 2597 utrumque
570 2533 636 2650 fiepi.
647 2542 703 2587 xasta.
714 2530 898 2602 q'uapropter?
919 2547 962 2583 ca.

395 2621 397 2624 ·
517 2614 592 2668 rogas
629 2614 632 2618 ·

182 2648 224 2714 its
234 2653 372 2718 admittam
383 2660 495 2734 culpam,
508 2684 557 2734 ego
565 2686 626 2720 meo
636 2685 698 2721 sum
703 2670 817 2739 'promus
831 2669 943 2736 pectori.

134 2749 149 2802 '.
183 2725 305 2798 Suspicio
316 2733 391 2785 estin
401 2745 507 2802 pectore
516 2736 669 2788 alienosita.
721 2768 731 2776 „
815 2783 819 2787 ,
883 2751 903 2779 ⁰
963 2751 967 2754 ’
